%% bibliography %%

@Article{efron2004least,
  title        = "Least angle regression",
  author       = "Bradley Efron and Trevor Hastie and Iain Johnstone and
                 Robert Tibshirani",
  journal      = "The Annals of statistics",
  volume       = "32",
  number       = "2",
  pages        = "407--499",
  year         = "2004",
  publisher    = "Institute of Mathematical Statistics",
}

@Article{tibshirani2013unique,
  title        = "The lasso problem and uniqueness",
  author       = "Ryan J Tibshirani",
  journal      = "Electronic Journal of statistics",
  volume       = "7",
  pages        = "1456--1490",
  year         = "2013",
  publisher    = "Institute of Mathematical Statistics and Bernoulli
                 Society",
}

@Article{scikit-learn,
  title        = "Scikit-learn: Machine Learning in {P}ython",
  author       = "F. Pedregosa and G. Varoquaux and A. Gramfort and V.
                 Michel and B. Thirion and O. Grisel and M. Blondel and
                 P. Prettenhofer and R. Weiss and V. Dubourg and J.
                 Vanderplas and A. Passos and D. Cournapeau and M.
                 Brucher and M. Perrot and E. Duchesnay",
  journal      = "Journal of Machine Learning Research",
  volume       = "12",
  pages        = "2825--2830",
  year         = "2011",
}
